<record><leader>00000cas a2200000 a 4500</leader><controlfield tag="001">13622324</controlfield><controlfield tag="008">860522d18941925scudn ne      0    0eng d</controlfield><datafield ind1=" " ind2=" " tag="010"><subfield code="a">sn 86063771 </subfield></datafield><datafield ind1=" " ind2=" " tag="040"><subfield code="a">KSH</subfield><subfield code="b">eng</subfield><subfield code="c">KSH</subfield><subfield code="d">NPT</subfield><subfield code="d">SVN</subfield><subfield code="d">OCL</subfield><subfield code="d">OCLCQ</subfield></datafield><datafield ind1=" " ind2=" " tag="042"><subfield code="a">msc</subfield></datafield><datafield ind1="0" ind2="4" tag="245"><subfield code="a">The Florence daily times.</subfield></datafield><datafield ind1=" " ind2=" " tag="260"><subfield code="a">Florence, S.C. :</subfield><subfield code="b">John P. Coffin</subfield></datafield><datafield ind1=" " ind2=" " tag="300"><subfield code="a">v. :</subfield><subfield code="b">ill. ;</subfield><subfield code="c">56 cm.</subfield></datafield><datafield ind1=" " ind2=" " tag="310"><subfield code="a">Daily (except Sun.)</subfield></datafield><datafield ind1="1" ind2=" " tag="362"><subfield code="a">Began in 1894; ceased in 1925.</subfield></datafield><datafield ind1=" " ind2=" " tag="588"><subfield code="a">Description based on: Vol. 1, no. 20 (Aug. 27, 1894).</subfield></datafield><datafield ind1=" " ind2="4" tag="651"><subfield code="a">Florence County (S.C.)</subfield><subfield code="v">Newspapers.</subfield></datafield><datafield ind1=" " ind2=" " tag="752"><subfield code="a">United States</subfield><subfield code="b">South Carolina</subfield><subfield code="c">Florence</subfield><subfield code="d">Florence.</subfield></datafield><datafield ind1="1" ind2=" " tag="775"><subfield code="t">Florence times (Florence, S.C. : 1876)</subfield><subfield code="w">(DLC)sn 93067713</subfield></datafield><datafield ind1="0" ind2="5" tag="780"><subfield code="t">Evening herald (Florence, S.C.)</subfield><subfield code="w">(DLC)sn 93067711</subfield></datafield><datafield ind1="0" ind2="4" tag="785"><subfield code="t">Morning news review</subfield><subfield code="w">(DLC)sn 86063770</subfield></datafield><datafield ind1="1" ind2=" " tag="029"><subfield code="a">AU@</subfield><subfield code="b">000022168935</subfield></datafield></record>